@misc{t1dcauses, url={https://www.diabetes.org.uk/diabetes-the-basics/types-of-diabetes/type-1}, journal={Diabetes UK}, year={2017} }

@article{t1d, title={Type 1 diabetes}, volume={391}, url={https://www.thelancet.com/journals/lancet/article/PIIS0140-6736(18)31320-5/fulltext}, DOI={https://doi.org/10.1016/s0140-6736(18)31320-5}, number={10138}, journal={The Lancet}, author={DiMeglio, Linda A and Evans-Molina, Carmella and Oram, Richard A}, year={2018}, month={Jun}, pages={2449–2462} }

@misc{insulin, title={Insulin Resistance and Diabetes}, url={https://www.cdc.gov/diabetes/basics/insulin-resistance.html}, journal={Centers for Disease Control and Prevention}, author={CDC}, year={2022}, month={Jun} }

@article{pumpcgm, title={Continuous Glucose Monitor, Insulin Pump, and Automated Insulin Delivery Therapies for Type 1 Diabetes: An Update on Potential for Cardiovascular Benefits}, volume={24}, url={https://www.ncbi.nlm.nih.gov/pmc/articles/PMC9589770/}, DOI={https://doi.org/10.1007/s11886-022-01799-x}, number={12}, journal={Current Cardiology Reports}, author={Pauley, Meghan E. and Tommerdahl, Kalie L. and Snell-Bergeon, Janet K. and Forlenza, Gregory P.}, year={2022}, month={Oct}, pages={2043–2056} }

@online{WHOBGL, url={https://www.who.int/data/gho/indicator-metadata-registry/imr-details/2380}, journal={Who.int}, year={2023} }

@online{mayohyper, url={https://www.mayoclinic.org/diseases-conditions/hyperglycemia/symptoms-causes/syc-20373631}, journal={Mayo Clinic}, publisher={ }, year={2022} }

@online{adahypo, url={https://diabetes.org/healthy-living/medication-treatments/blood-glucose-testing-and-control/hypoglycemia}, journal={Diabetes.org}, year={2023} }

@online{world_2019, title={Diabetes}, url={https://www.who.int/health-topics/diabetes#tab=tab_1}, journal={Who.int}, publisher={World Health Organization: WHO}, author={World}, year={2019}, month={May} }

@article{bglfactors, volume={36}, url={https://www.ncbi.nlm.nih.gov/pmc/articles/PMC5898168/}, DOI={https://doi.org/10.2337/cd18-0012}, number={2}, journal={Clinical Diabetes}, year={2018}, month={Apr}, pages={202–202} }

‌@online{apsystems, title={Artificial Pancreas}, url={https://www.niddk.nih.gov/health-information/diabetes/overview/managing-diabetes/artificial-pancreas}, journal={National Institute of Diabetes and Digestive and Kidney Diseases}, publisher={NIDDK - National Institute of Diabetes and Digestive and Kidney Diseases}, author={and, Diabetes}, year={2023}, month={Apr} }

@article{diatech, title={Evolution of Insulin Delivery Devices: From Syringes, Pens, and Pumps to DIY Artificial Pancreas}, volume={11}, url={https://link.springer.com/article/10.1007/s13300-020-00831-z}, DOI={https://doi.org/10.1007/s13300-020-00831-z}, number={6}, journal={Diabetes Therapy}, author={Kesavadev, Jothydev and Saboo, Banshi and Krishna, Meera B. and Krishnan, Gopika}, year={2020}, month={May}, pages={1251–1269} }

@misc{penandglucometer, title={Syringe pen and glucometer}, url={https://www.dreamstime.com/stock-photo-syringe-pen-glucometer-insulin-blood-glucose-meter-showing-normal-blood-glucose-image41249489}, journal={Dreamstime.com}, author={Abidika}, year={2023} }

‌@misc{pumpandmonitor, url={https://www.umassmed.edu/dcoe/diabetes-education/pumps_and_cgm/}, journal={UMass Chan Medical School}, year={2016}, month={Sep} }

@article{whatisml, title={Machine learning and deep learning}, volume={31}, url={https://link.springer.com/article/10.1007/s12525-021-00475-2}, DOI={https://doi.org/10.1007/s12525-021-00475-2}, number={3}, journal={Electronic Markets}, author={Janiesch, Christian and Zschech, Patrick and Heinrich, Kai}, year={2021}, month={Apr}, pages={685–695} }

‌@misc{whatisnn, title={Introduction to artificial neural networks}, url={https://www.researchgate.net/publication/5847739_Introduction_to_artificial_neural_networks}, journal={ResearchGate}, publisher={Lippincott, Williams & Wilkins}, author={Grossi, Enzo and Buscema, Massimo}, year={2008} }

‌@misc{whatisgd, title={Gradient Descent Algorithm: Case Study}, url={https://www.researchgate.net/publication/356878797_Gradient_Descent_Algorithm_Case_Study#:~:text=Gradient%20descent%20is%20one%20of,logistic%20regression%2C%20etc...}, journal={ResearchGate}, publisher={unknown}, author={Ali and Haval Abdulkarim Ahmed}, year={2021}, month={Dec} }

@misc{whatisnnimage, url={https://ml-cheatsheet.readthedocs.io/en/latest/nn_concepts.html}, journal={Readthedocs.io}, year={2022} }

‌@misc{whatisgdimage, title={How Does the Gradient Descent Algorithm Work in Machine Learning?}, url={https://www.analyticsvidhya.com/blog/2020/10/how-does-the-gradient-descent-algorithm-work-in-machine-learning/}, journal={Analytics Vidhya}, author={Crypto1}, year={2020}, month={Oct} }

@article{paper3, title={Artificial Neural Network Algorithm for Online Glucose Prediction from Continuous Glucose Monitoring}, volume={12}, url={https://pubmed.ncbi.nlm.nih.gov/20082589/}, DOI={https://doi.org/10.1089/dia.2009.0076}, number={1}, journal={Diabetes Technology & Therapeutics}, author={Pérez-Gandía, C. and Facchinetti, A. and Sparacino, G. and Cobelli, C. and Gómez, E.J. and Rigla, M. and de Leiva, A. and Hernando, M.E.}, year={2010}, month={Jan}, pages={81–88} }

‌@article{paper5, title={Blood glucose prediction model for type 1 diabetes based on artificial neural network with time-domain features}, volume={40}, url={https://www.sciencedirect.com/science/article/pii/S0208521620301248}, DOI={https://doi.org/10.1016/j.bbe.2020.10.004}, number={4}, journal={Biocybernetics and Biomedical Engineering}, author={Alfian, Ganjar and Syafrudin, Muhammad and Anshari, Muhammad and Benes, Filip and Atmaji, Fransiskus Tatas Dwi and Fahrurrozi, Imam and Hidayatullah, Ahmad Fathan and Rhee, Jongtae}, year={2020}, month={Oct}, pages={1586–1599} }

‌@misc{CEGA, title={Clarke Error Grid}, url={https://en.wikipedia.org/wiki/Clarke_Error_Grid}, journal={Wikipedia}, publisher={Wikimedia Foundation}, author={Wikipedia Contributors}, year={2022}, month={Apr} }

‌@article{whatisrnn, title={Fundamentals of Recurrent Neural Network (RNN) and Long Short-Term Memory (LSTM) network}, volume={404}, url={https://arxiv.org/abs/1808.03314}, DOI={https://doi.org/10.1016/j.physd.2019.132306}, journal={Physica D: Nonlinear Phenomena}, author={Sherstinsky, Alex}, year={2020}, month={Mar}, pages={132306} }

@misc{whatisrnnimage, url={https://colah.github.io/posts/2015-08-Understanding-LSTMs/}, journal={Github.io}, year={2015} }

@misc{lstminfo, title={Learn About Long Short-Term Memory (LSTM) Algorithms}, url={https://www.analyticsvidhya.com/blog/2021/03/introduction-to-long-short-term-memory-lstm/}, journal={Analytics Vidhya}, author={Saxena, Shipra}, year={2021}, month={Mar} }

@article{paper1, title={Blood Glucose Prediction Using Artificial Neural Networks Trained with the AIDA Diabetes Simulator: A Proof-of-Concept Pilot Study}, volume={2011}, url={https://www.hindawi.com/journals/jece/2011/681786/}, DOI={https://doi.org/10.1155/2011/681786}, journal={Journal of Electrical and Computer Engineering}, author={Robertson, Gavin and Lehmann, Eldon D. and Sandham, William and Hamilton, David}, year={2011}, pages={1–11} }

@article{AIDA, title={Diabetes and conversational agents: the AIDA project case study}, volume={1}, url={https://www.ncbi.nlm.nih.gov/pmc/articles/PMC8456073/#:~:text=The%20Artificial%20Intelligence%20Diabetes%20Assistant,a%20speech%2Dbased%20dialog%20system.}, DOI={https://doi.org/10.1007/s44163-021-00005-1}, number={1}, journal={Discover Artificial Intelligence}, author={Alloatti, Francesca and Bosca, Alessio and Di Caro, Luigi and Pieraccini, Fabrizio}, year={2021}, month={Sep} }

‌@article{CGMacc, title={Measures of Accuracy for Continuous Glucose Monitoring and Blood Glucose Monitoring Devices}, volume={13}, url={https://www.ncbi.nlm.nih.gov/pmc/articles/PMC6501529/#:~:text=At%20least%2095%20%25%20of%20measured,concentrations%20%E2%A9%BE100%20mg%2Fdl.}, DOI={https://doi.org/10.1177/1932296818812062}, number={3}, journal={Journal of Diabetes Science and Technology}, author={Freckmann, Guido and Pleus, Stefan and Grady, Mike and Setford, Steven and Levy, Brian}, year={2018}, month={Nov}, pages={575–583} }

‌@article{CMS, title={Mass transport and heat transfer in the microcirculation}, url={https://www.sciencedirect.com/topics/engineering/compartmental-modeling}, DOI={https://doi.org/10.1016/b978-0-12-818034-1.00008-6}, journal={Biofluid Mechanics}, author={Rubenstein, David A. and Yin, Wei and Frame, Mary D.}, year={2022}, pages={331–374} }

‌@article{hovorka, title={Mass transport and heat transfer in the microcirculation}, url={https://www.sciencedirect.com/topics/engineering/compartmental-modeling}, DOI={https://doi.org/10.1016/b978-0-12-818034-1.00008-6}, journal={Biofluid Mechanics}, author={Rubenstein, David A. and Yin, Wei and Frame, Mary D.}, year={2022}, pages={331–374} }

‌@article{paper4, title={A Real Time Simulation Model of Glucose-Insulin Metabolism for Type 1 Diabetes Patients}, url={https://pubmed.ncbi.nlm.nih.gov/17282172/}, DOI={https://doi.org/10.1109/iembs.2005.1616403}, journal={2005 IEEE Engineering in Medicine and Biology 27th Annual Conference}, author={Mougiakakou, S.G. and Prountzou, K. and Nikita, K.S.}, year={2005} }

@article{rtrl, title={Real-Time Learning Capability of Neural Networks}, url={https://www.researchgate.net/publication/6928612_Real-Time_Learning_Capability_of_Neural_Networks}, journal={ResearchGate}, publisher={Institute of Electrical and Electronics Engineers}, author={Huang, Guang-Bin and Zhu, Qin-Yu and Chee Kheong Siew}, year={2006}, month={Aug} }

@article{paper6, title={Deep Physiological Model for Blood Glucose Prediction in T1DM Patients}, volume={20}, url={https://www.ncbi.nlm.nih.gov/pmc/articles/PMC7412558/}, DOI={https://doi.org/10.3390/s20143896}, number={14}, journal={Sensors}, author={Munoz-Organero, Mario}, year={2020}, month={Jul}, pages={3896} }

‌@article{dinamo, title={The open D1NAMO dataset: A multi-modal dataset for research on non-invasive type 1 diabetes management}, volume={13}, url={https://www.sciencedirect.com/science/article/pii/S2352914818301059}, DOI={https://doi.org/10.1016/j.imu.2018.09.003}, journal={Informatics in Medicine Unlocked}, author={Dubosson, Fabien and Ranvier, Jean-Eudes and Bromuri, Stefano and Calbimonte, Jean-Paul and Ruiz, Juan and Schumacher, Michael}, year={2018}, pages={92–100} }

‌@article{paper8, title={Blood Glucose Prediction With VMD and LSTM Optimized by Improved Particle Swarm Optimization}, volume={8}, url={https://ieeexplore.ieee.org/document/9281120}, DOI={https://doi.org/10.1109/access.2020.3041355}, journal={IEEE Access}, author={Wang, Wenbo and Tong, Meng and Yu, Min}, year={2020}, pages={217908–217916} }

‌@article{paper9, title={A Multi-Patient Data-Driven Approach to Blood Glucose Prediction}, volume={7}, url={https://ieeexplore.ieee.org/document/8723121}, DOI={https://doi.org/10.1109/access.2019.2919184}, journal={IEEE Access}, author={Aliberti, Alessandro and Pupillo, Irene and Terna, Stefano and Macii, Enrico and Di Cataldo, Santa and Patti, Edoardo and Acquaviva, Andrea}, year={2019}, pages={69311–69325} }

‌@article{whatiscnn, title={Review of deep learning: concepts, CNN architectures, challenges, applications, future directions}, volume={8}, url={https://journalofbigdata.springeropen.com/articles/10.1186/s40537-021-00444-8}, DOI={https://doi.org/10.1186/s40537-021-00444-8}, number={1}, journal={Journal of Big Data}, author={Alzubaidi, Laith and Zhang, Jinglan and Humaidi, Amjad J. and Al-Dujaili, Ayad and Duan, Ye and Al-Shamma, Omran and Santamaría, J. and Fadhel, Mohammed A. and Al-Amidie, Muthana and Farhan, Laith}, year={2021}, month={Mar} }

‌@article{ohio, title={The OhioT1DM Dataset for Blood Glucose Level Prediction: Update 2020}, volume={2675}, url={https://pubmed.ncbi.nlm.nih.gov/33584164/}, journal={CEUR workshop proceedings}, publisher={CEUR Workshop Proc}, author={Marling C;Bunescu R}, year={2020} }

‌@article{paper10, title={Application of Improved LightGBM Model in Blood Glucose Prediction}, volume={10}, DOI={https://doi.org/10.3390/app10093227}, number={9}, journal={Applied Sciences}, author={Wang, Yan and Wang, Tao}, year={2020}, month={May}, pages={3227} }

‌@book{paper7, title={A Deep Learning Algorithm For Personalized Blood Glucose Prediction}, url={https://ceur-ws.org/Vol-2148/paper12.pdf}, author={Zhu, Taiyu and Li, Kezhi and Herrero, Pau and Chen, Jianwei and Georgiou, Pantelis} }

‌@book{lightgbm, title={LightGBM: A Highly Efficient Gradient Boosting Decision Tree}, url={https://proceedings.neurips.cc/paper_files/paper/2017/file/6449f44a102fde848669bdd9eb6b76fa-Paper.pdf}, author={Ke, Guolin and Meng, Qi and Finley, Thomas and Wang, Taifeng and Chen, Wei and Ma, Weidong and Ye, Qiwei and Liu, Tie-Yan} }

‌@misc{cegaimage, title={Error Grid Analysis}, url={https://blog.profil.com/blog/error-grid-analysis}, journal={Profil.com}, author={Dr. Carsten Benesch}, year={2017} }

‌@article{haiya, title={Mathematical modeling and qualitative analysis of insulin therapies}, volume={210}, url={https://www.sciencedirect.com/science/article/pii/S0025556407001058}, DOI={https://doi.org/10.1016/j.mbs.2007.05.008}, number={1}, journal={Mathematical Biosciences}, author={Wang, Haiyan and Li, Jiaxu and kuang, Yang}, year={2007}, month={Nov}, pages={17–33} }

@article{delayDe, title={Delay Differential Equations}, url={https://www.researchgate.net/publication/228884162_Delay_Differential_Equations}, journal={ResearchGate}, publisher={unknown}, author={Shampine, Larry F and Thompson, Skip}, year={2009}, month={Jan} }

‌@misc{basalshort, url={https://www.diabetes.org.uk/guide-to-diabetes/managing-your-diabetes/treating-your-diabetes/insulin/types}, journal={Diabetes UK}, year={2022} }

‌@article{savgol, title={Savitzky-Golay Smoothing and Differentiation Filter}, url={https://www.researchgate.net/publication/338518012_Savitzky-Golay_Smoothing_and_Differentiation_Filter}, journal={ResearchGate}, publisher={unknown}, author={Gallagher, Neal}, year={2020}, month={Jan} }

‌@article{convolution, title={A guide to convolution arithmetic for deep learning}, url={https://arxiv.org/abs/1603.07285}, journal={arXiv.org}, author={Dumoulin, Vincent and Visin, Francesco}, year={2016} }

‌@misc{minmax, title={Everything you need to know about Min-Max normalization: A Python tutorial}, url={https://towardsdatascience.com/everything-you-need-to-know-about-min-max-normalization-in-python-b79592732b79}, journal={Medium}, publisher={Towards Data Science}, author={Loukas, Serafeim}, year={2020}, month={May} }

‌@misc{tensorflow, url={https://www.tensorflow.org/}, journal={TensorFlow}, year={2023} }

‌@article{adam, title={Adam Optimization Algorithm}, url={https://www.researchgate.net/publication/352497171_Adam_Optimization_Algorithm}, journal={ResearchGate}, publisher={unknown}, author={Alom, Mohammed}, year={2021}, month={Jun} }

‌@misc{bilstm, url={https://paperswithcode.com/method/bilstm}, journal={Paperswithcode.com}, year={2020} }

‌@misc{cegcode, title={Clarke-and-Parkes-Error-Grids/error_grids.py at master · kriventsov/Clarke-and-Parkes-Error-Grids}, url={https://github.com/kriventsov/Clarke-and-Parkes-Error-Grids/blob/master/error_grids.py}, journal={GitHub}, author={kriventsov}, year={2023} }

@article{hyperband, title={Hyperband: A Novel Bandit-Based Approach to Hyperparameter Optimization}, volume={18}, url={https://jmlr.org/papers/volume18/16-558/16-558.pdf}, journal={Journal of Machine Learning Research}, author={Li, Lisha and Jamieson, Kevin and Rostamizadeh, Afshin}, year={2018}, pages={1–52} }

‌@misc{transformer, title={Gluformer: Transformer-Based Personalized Glucose Forecasting with Uncertainty Quantification}, url={https://arxiv.org/abs/2209.04526}, journal={arXiv.org}, author={Sergazinov, Renat and Armandpour, Mohammadreza and Gaynanova, Irina}, year={2022} }

‌@misc{kalman, title={The Kalman Filter and Related Algorithms: A Literature Review}, url={https://www.researchgate.net/publication/236897001_The_Kalman_Filter_and_Related_Algorithms_A_Literature_Review}, journal={ResearchGate}, publisher={unknown}, author={Montella, Corey}, year={2011}, month={May} }

‌